<?xml version="1.0" encoding="UTF-8"?><collection xmlns="http://www.loc.gov/MARC21/slim"><record><leader>00456nam--2200133-i-4500</leader><controlfield tag="001">000033092</controlfield><controlfield tag="002">20161230</controlfield><controlfield tag="005">20161230201039</controlfield><controlfield tag="008">060222s1000------------r-----000-0-eng-d</controlfield><datafield ind1=" " ind2=" " tag="100"><subfield code="a">Mariotti, Giancarlo</subfield></datafield><datafield ind1=" " ind2=" " tag="245"><subfield code="a">Macchina ad indusione funzionante come sincrono con eccitazione in corrente trifase</subfield></datafield><datafield ind1=" " ind2=" " tag="260"><subfield code="a">Milano, Soc.Editrice Riviste Ind.Elettr., 1959, 15p</subfield></datafield><datafield ind1=" " ind2=" " tag="490"><subfield code="a">Publicazioni Della Facolta D`Ingegneria Dell`Universita Di Pisa,</subfield></datafield><datafield ind1=" " ind2=" " tag="852"><subfield code="a">15233</subfield></datafield></record></collection>